<?xml version="1.0" encoding="UTF-8"?><collection xmlns="http://www.loc.gov/MARC21/slim"><record><leader>00376nam--2200145-i-4500</leader><controlfield tag="001">000002662</controlfield><controlfield tag="002">20161230</controlfield><controlfield tag="005">20170104004610</controlfield><controlfield tag="008">060222s1000------------r-----000-0-eng-d</controlfield><datafield ind1=" " ind2=" " tag="100"><subfield code="a">Blanc-Lapierre, Andre</subfield></datafield><datafield ind1=" " ind2=" " tag="245"><subfield code="a">Etude experimentale de l effet de grenaille pur</subfield></datafield><datafield ind1=" " ind2=" " tag="260"><subfield code="a">Paris</subfield><subfield code="b">Masson Et C-ie</subfield><subfield code="c">1944</subfield></datafield><datafield ind1=" " ind2=" " tag="300"><subfield code="a">66 p</subfield></datafield><datafield ind1=" " ind2=" " tag="852"><subfield code="a">10228</subfield></datafield><datafield ind1=" " ind2=" " tag="CAT"><subfield code="a">SYS</subfield><subfield code="c">20170104</subfield><subfield code="h">004610</subfield></datafield></record></collection>